%! Author = HP
%! Date = 21/07/2022

@book{mcfar,
  title={Guilty robots, happy dogs: the question of alien minds},
  author={McFarland, David},
  year={2009},
  publisher={Oxford University Press}
}

